<?xml version="1.0" encoding="UTF-8"?><record xmlns="http://www.loc.gov/MARC21/slim" xmlns:cinclude="http://apache.org/cocoon/include/1.0" xmlns:zs="http://www.loc.gov/zing/srw/">
  <leader>00547cz  a2200157n  4500</leader>
  <controlfield tag="001">n  98025031 </controlfield>
  <controlfield tag="003">DLC</controlfield>
  <controlfield tag="005">20001123070650.0</controlfield>
  <controlfield tag="008">980316n| acannaabn          |a aaa      </controlfield>
  <datafield tag="010" ind1=" " ind2=" ">
    <subfield code="a">n  98025031 </subfield>
  </datafield>
  <datafield tag="035" ind1=" " ind2=" ">
    <subfield code="a">(OCoLC)oca04683456</subfield>
  </datafield>
  <datafield tag="040" ind1=" " ind2=" ">
    <subfield code="a">DLC</subfield>
    <subfield code="b">eng</subfield>
    <subfield code="c">DLC</subfield>
    <subfield code="d">DLC</subfield>
    <subfield code="d">OCoLC</subfield>
  </datafield>
  <datafield tag="100" ind1="1" ind2=" ">
    <subfield code="a">Hernández, Agustín</subfield>
    <subfield code="q">(Hernández Bedia)</subfield>
  </datafield>
  <datafield tag="400" ind1="1" ind2=" ">
    <subfield code="a">Hernández Bedia, Agustín F.</subfield>
  </datafield>
  <datafield tag="400" ind1="1" ind2=" ">
    <subfield code="a">Bedia, Agustín F. Hernández</subfield>
  </datafield>
  <datafield tag="670" ind1=" " ind2=" ">
    <subfield code="a">Por las calles de Astillero y Guarnizo, 1995:</subfield>
    <subfield code="b">t.p. (Agustín Hernández) t.p. verso (Agustín F. Hernández Bedia)</subfield>
  </datafield>
</record>